<?xml version="1.0" encoding="UTF-8"?><collection xmlns="http://www.loc.gov/MARC21/slim"><record><leader>00297nam--2200109-i-4500</leader><controlfield tag="001">000039355</controlfield><controlfield tag="002">20161230</controlfield><controlfield tag="005">20161230201042</controlfield><controlfield tag="008">060222s1000------------r-----000-0-eng-d</controlfield><datafield ind1=" " ind2=" " tag="245"><subfield code="a">Precision electrical measurements</subfield></datafield><datafield ind1=" " ind2=" " tag="260"><subfield code="a">New York, Philosophical Library, 1956, Ix + 368p. + Xxii Pl</subfield></datafield><datafield ind1=" " ind2=" " tag="852"><subfield code="a">12859</subfield></datafield></record></collection>